% ===========================================================================
% Bibliography Database for Mathematical Notes
% ===========================================================================
% This file contains bibliographic references for the math notebook template.
% The template uses biblatex with GB7714-2015 Chinese standard formatting.

% --- Chinese References ---
@Article{谢启鸿2015,
  author  = {谢启鸿},
  journal = {大学数学},
  title   = {高等代数中若干概念在基域扩张下的不变性},
  year    = {2015},
  number  = {6},
  pages   = {50--55},
  volume  = {31},
  language = {chinese},
  keywords = {algebra, field_theory}
}

% --- English References ---
@Book{rudin1976principles,
  author    = {Rudin, Walter},
  title     = {Principles of Mathematical Analysis},
  year      = {1976},
  edition   = {3rd},
  publisher = {McGraw-Hill},
  address   = {New York},
  isbn      = {978-0070542358},
  language  = {english},
  keywords  = {analysis, real_analysis}
}

@Article{euler1748introductio,
  author   = {Euler, Leonhard},
  title    = {Introductio in analysin infinitorum},
  journal  = {Opera Omnia},
  year     = {1748},
  volume   = {8},
  pages    = {1--392},
  language = {latin},
  keywords = {analysis, calculus, history}
}

@InCollection{grothendieck1957tohoku,
  author    = {Grothendieck, Alexander},
  title     = {Sur quelques points d'algèbre homologique},
  booktitle = {Tohoku Mathematical Journal},
  year      = {1957},
  volume    = {9},
  pages     = {119--221},
  publisher = {Tohoku University},
  language  = {french},
  keywords  = {homological_algebra, category_theory}
}

@Comment{jabref-meta: databaseType:bibtex;}
